@inbook{torilivro,
	author = {Romero Tori and Claudio Kirner},
	title = {Fundamentos de Realidade Virtual},
	booktitle = {Fundamentos e Tecnologia de Realidade Virtual e Aumentada},
	Year = {2006},
	Publisher = {Editora SBC - Sociedade Brasileira de Computação},
	Edition = {7},
	address = {Belém},
	pages = {2-21}
}

@article{youngblut,
	author = {Christine Youngblut},
	title = {Educational Uses of Virtual Reality},
	journal = {Institute for Defense Analyses},
	year = {1998},	
	pages = {1--131},
	address = {Virginia}	
}

@online{ford,	
	organization = {The Ford Motor Company},
	author = {DEARBORN and MICH},
	title = {NEW VIRTUAL LAB IMPROVES FORD GLOBAL VEHICLE QUALITY},
	subtitle = {ENGINEERS AND DESIGNERS INSPECT 135,000 DETAILS IN 2013},
	year = {2013},
	url = {https://media.ford.com/content/fordmedia-mobile/fna/us/en/news/2013/12/12/new-virtual-lab-improves-ford-global-vehicle-quality--engineers-.html},
	urlaccessdate = {06 dez. 2016},		
}

@online{daydream,
	organization = {Google},
	title = {Daydream},
	year = {2016},
	url = {https://vr.google.com/daydream/},
	urlaccessdate = {06 dez. 2016}
	
}
@online{minitab,
	organization = {Minitab},
	title = {O que é ANOVA},
	year = {2017},
	url = {http://support.minitab.com/pt-br/minitab/17/topic-library/modeling-statistics/anova/basics/what-is-anova/},
	urlaccessdate = {18 jan. 2017}
	
}
@article{carvalho,
	author = {Hesli de Araújo Carvalho},
	title = {Realidade Virtual em educação: um estudo da situação brasileira},
	address = {Minas Gerais},	
	year = {2002}
}
@article{oliveira,
	author = {Igor Aguiar Oliveira},
	title = {Interface de Usuário: A Interação Homem-Computador Através dos Tempos},
	journal = {Olhar Científico – Faculdades Associadas de Ariquemes},
	volume = {01},
	address = {Ariquemes},	
	year = {2010}
}
@article{milgram,
	author = {Paul Milgram and Haruo Takemura and Akira Utsumi and Fumio Kishino},
	title = {Augmented Reality: A class of displays on the reality-virtuality continuum},
	journal = {Telemanipulator and Telepresence Technologies},
	address = {Japão},	
	volume = {2351},
	year = {1994}
}

@inbook{siscoutto,
	author = {Robson Augusto Siscoutto and Flávio Szenberg and Romero Tori and Alberto B. Raposo and Waldemar Celes and Marcelo Gattass},
	title = {Estereoscopia},
	booktitle = {Fundamentos e Tecnologia de Realidade Virtual e Aumentada},
	Year = {2006},
	Publisher = {Editora SBC - Sociedade Brasileira de Computação},
	Edition = {7},
	address = {Belém},
	pages = {221-245}
}

@article{rodrigues,
	author = {Gessica Palhares Rodrigues and Cristiane de Magalhães Porto},
	title = {Realidade Virtual: Conceitos, Evolução, Dispositivos e Aplicações},
	journal = {Interfaces Científicas},
	year = {2013},	
	pages = {97--109},
	address = {Aracaju}	
}

@online{vrsickness,
	organization = {Google},
	title = {Physiological considerations},
	year = {2016},
	url = {https://www.google.com/design/spec-vr/designing-for-google-cardboard/physiological-considerations.html},
	urlaccessdate = {06 dez. 2016}
	
}

@online{oculus,
	organization = {Oculus},
	title = {Simulator Sickness},
	year = {2016},
	url = {https://developer3.oculus.com/documentation/intro-vr/latest/concepts/bp_app_simulator_sickness/},
	urlaccessdate = {06 dez. 2016}
	
}

@online{googleplay,
	organization = {Google},
	title = {Google Play},
	year = {2017},
	url = {https://play.google.com/store},
	urlaccessdate = {16 jan. 2017}
	
}
@online{oculushome,
	organization = {Oculus},
	title = {Rift - Overview},
	year = {2017},
	url = {https://www3.oculus.com/en-us/rift/},
	urlaccessdate = {16 jan. 2017}
	
}
@online{realiteer,
	organization = {Realiteer},
	title = {RealTrigger: The most affordable Virtual Reality system},
	year = {2017},
	url = {https://www.kickstarter.com/projects/realiteer/realtrigger-the-most-affordable-virtual-reality-sy},
	urlaccessdate = {16 jan. 2017}
	
}
@online{realtrigger,
	organization = {Realiteer},
	title = {Portfolio},
	year = {2017},
	url = {http://www.realiteer.com/portfolio/},
	urlaccessdate = {16 jan. 2017}
	
}

@online{xbox,
	organization = {Microsoft},
	title = {XBOX ONE Acessórios},
	year = {2017},
	url = {http://www.xbox.com/pt-BR/xbox-one/accessories?controllers},
	urlaccessdate = {16 jan. 2017}
	
}
@online{ps4,
	organization = {Sony Computer Entertainment America LLC},
	title = {DualShock®4 Controle sem fio},
	year = {2017},
	url = {https://www.playstation.com/pt-br/explore/ps4/accessories/dualshock-4-control-inalambrico/},
	urlaccessdate = {16 jan. 2017}
	
}

@online{hopkins,
	author = {Casey Hopkins},
	title = {Design for Virtual Reality},
	year = {2015},
	url = {https://ustwo.com/blog/designing-for-virtual-reality-google-cardboard/},
	urlaccessdate = {06 dez. 2016}
	
}

@online{designlab,
	organization = {Google},
	title = {Cardboard Design Lab},
	year = {2015},
	url = {https://play.google.com/store/apps/details?id=com.google.vr.cardboard.apps.designlab&hl=pt-BR},
	urlaccessdate = {06 dez. 2016}
	
}

@inproceedings{tom,	
	author = {Tom Forsyth},
	title = {Developing VR Experiences with the Oculus Rift},
	year = {2014},
	url = {https://www3.oculus.com/en-us/blog/oculus-connect-videos-and-presentations-online/},
	address = {Los Angeles},
	Eventtitle = {Oculus Connect}
}


@book{dix,
	author = {Alan Dix and Janet Finlay and Gregory Abowd and Aussell Beale},
	title = {Human-Computer Interaction},
	year = {1998},
	address = {Upper Saddle River, NJ, USA},
	Publisher = {Prentice-Hall, Inc.},
	edition = {2}
}

@inbook{bergstrom,
	author = {Paul L. Bergstrom and Gary G. Li},
	title = {Inertial Sensors},
	booktitle = {The MEMS Handbook},
	Year = {2002},
	Publisher = {CRC Press LLC},	
	address = {United States of America}
	
}

@online{dimension,
	organization = {Dimension Engineering},
	title = {A beginner’s guide to accelerometers},	
	year = {2016},
	url = {https://www.dimensionengineering.com/info/accelerometers},
	urlaccessdate = {06 dez. 2016}
}

@online{android,
	organization = {Android},
	title = {Sensor Types},	
	year = {2016},
	url = {https://source.android.com/devices/sensors/sensor-types.html},
	urlaccessdate = {06 dez. 2016}
}

@book{lee,
	author = {Valentino Lee and Heather Scheider and Robbie Schell},
	title = {Aplicações Móveis: Arquitetura, Projeto e Desenvolvimento},
	year = {2005},
	address = {São Paulo},
	Publisher = {Makron Books}

}
@online{otg,
	organization = {Universal Serial Bus},
	title = {Introduction to USB On-The-Go},	
	year = {2016},
	url = {http://www.usb.org/developers/onthego/},
	urlaccessdate = {06 dez. 2016}
}

@online{bluetooth,
	organization = {Bluetooth},
	title = {How It Works},	
	subtitle = {Bluetooth is the foundation for transformative wireless connectivity},
	year = {2017},
	url = {https://www.bluetooth.com/what-is-bluetooth-technology/how-it-works},
	urlaccessdate = {16 jan. 2017}
}

@online{googledocumentacao,
	organization = {Google},
	title = {Documentation},	
	subtitle = {Guides},
	year = {2016},
	url = {https://developers.google.com/vr/},
	urlaccessdate = {06 dez. 2016}
}
@online{unitynumbers,
	organization = {Unity},
	title = {O software líder global da indústria de jogos},
	year = {2016},
	url = {https://unity3d.com/pt/public-relations},
	urlaccessdate = {06 dez. 2016} 	
}

@online{googleunity,
	organization = {Google},
	title = {Documentation},	
	subtitle = {Google VR SDK for Unity},
	year = {2016},
	url = {https://developers.google.com/vr/unity/},
	urlaccessdate = {06 dez. 2016}
}

@online{googlecardboard,
	organization = {Google},
	title = {Tenha um visualizador},
	year = {2016},
	url = {https://vr.google.com/intl/pt-BR_pt/cardboard/get-cardboard/},
	urlaccessdate = {06 dez. 2016}	
}

@online{riodejaneiro,
	organization = {Governo do Rio de Janeiro},
	title = {10 Minutos salvam vidas},
	subtitle = {Como eliminar os focos},
	year = {2016},	
	url = {http://www.riocontradengue.rj.gov.br/site/conteudo/Focos.aspx},
	urlaccessdate = {06 dez. 2016}
}
@article{mcnamara,
	author = {Niamh McNamara and Jurek Kirakowski},
	title = {Functionality, Usability, and User Experience: Three Areas of Concern},
	journal = {interactions},
	issue_date = {November + December 2006},
	volume = {13},
	number = {6},
	month = nov,
	year = {2006},
	issn = {1072-5520},
	pages = {26--28},
	numpages = {3},
	url = {http://doi.acm.org/10.1145/1167948.1167972},
	doi = {10.1145/1167948.1167972},
	acmid = {1167972},
	publisher = {ACM},
	address = {New York, NY, USA}
} 

@book{benyon,
	author = {Designing Interactive Systems},
	title = {Designing Interactive Systems},
	subtitle = {A comprehensive guide to HCI, UX and interaction design},
	year = {2014},
	address = {United Kingdom},
	Publisher = {Pearson Education Limited}
	
}
@manual{iso9241,
	organization = {ABNT - Associação Brasileira de Normas Técnicas},
	title = {Requisitos Ergonômicos para Trabalho de Escritórios com Computadores},
	subtitle = {Parte 11 – Orientações sobre Usabilidade},
	year = {2000},
	address = {Rio de Janeiro}
}
@inbook{brown,
	author = {Michael Anthony Brown and Aidan Kehoe and Jurek Kirakowski and Ian Pitt},
	title = {Beyond the Gamepad: HCI and Game Controller Design and Evaluation},
	booktitle = {Evaluating User Experience in Games},
	year = {2010},
	Publisher = {Springer},
	address = {France},
	pages = {197-219}	
}

@article{lewis,
	author = {Lewis, James R.},
	title = {IBM Computer Usability Satisfaction Questionnaires: Psychometric Evaluation and Instructions for Use},
	journal = {Int. J. Hum.-Comput. Interact.},
	issue_date = {Jan.-March 1995},
	volume = {7},
	number = {1},
	month = jan,
	year = {1995},
	issn = {1044-7318},
	pages = {57--78},
	numpages = {22},
	url = {http://dx.doi.org/10.1080/10447319509526110},
	doi = {10.1080/10447319509526110},
	acmid = {204774},
	publisher = {L. Erlbaum Associates Inc.},
	address = {Hillsdale, NJ, USA}
} 

@online{motox,
	organization = {GSMArena},
	title = {Motorola Moto X},
	year = {2017},	
	url = {http://www.gsmarena.com/motorola_moto_x-5601.php},
	urlaccessdate = {15 jan. 2017}
}